<?xml version="1.0" encoding="UTF-8"?>
<zs:searchRetrieveResponse xmlns:zs="http://www.loc.gov/zing/srw/">
  <zs:version>1.1</zs:version>
  <zs:numberOfRecords>46</zs:numberOfRecords>
  <zs:records>
    <zs:record>
      <zs:recordSchema/>
      <zs:recordPacking>xml</zs:recordPacking>
      <zs:recordData>
        <record xmlns="http://www.loc.gov/MARC21/slim">
          <leader>10099cam a2201993 i 4500</leader>
          <controlfield tag="001">21491763</controlfield>
          <controlfield tag="005">20240205142159.0</controlfield>
          <controlfield tag="006">m     o  d f      </controlfield>
          <controlfield tag="007">cr |||||||||||</controlfield>
          <controlfield tag="008">200403s2020    dcub    ob   f000 0 eng  </controlfield>
          <datafield tag="906" ind1=" " ind2=" ">
            <subfield code="a">7</subfield>
            <subfield code="b">cbc</subfield>
            <subfield code="c">pccadap</subfield>
            <subfield code="d">2</subfield>
            <subfield code="e">ncip</subfield>
            <subfield code="f">20</subfield>
            <subfield code="g">y-gencatlg</subfield>
          </datafield>
          <datafield tag="925" ind1="0" ind2=" ">
            <subfield code="a">acquire</subfield>
            <subfield code="b">ebook</subfield>
            <subfield code="x">policy default</subfield>
          </datafield>
          <datafield tag="955" ind1=" " ind2=" ">
            <subfield code="a">td12 2020-04-06 to xg00 for 050</subfield>
            <subfield code="d">xg29 2020-04-13</subfield>
            <subfield code="c">xg29 2020-04-15</subfield>
            <subfield code="c">xg31 2021-11-16 TW (Situational) Legal Research Reports cataloging enhancement project</subfield>
            <subfield code="d">xg35 2021-12-02 (TW situational)</subfield>
            <subfield code="r">xg08 2021-12-15</subfield>
            <subfield code="u">xg34 2024-02-05 Update subject headings</subfield>
          </datafield>
          <datafield tag="010" ind1=" " ind2=" ">
            <subfield code="a">  2019713408</subfield>
          </datafield>
          <datafield tag="035" ind1=" " ind2=" ">
            <subfield code="a">(OCoLC)on1148475690</subfield>
          </datafield>
          <datafield tag="040" ind1=" " ind2=" ">
            <subfield code="a">GPO</subfield>
            <subfield code="b">eng</subfield>
            <subfield code="e">rda</subfield>
            <subfield code="e">pn</subfield>
            <subfield code="c">GPO</subfield>
            <subfield code="d">DLC</subfield>
          </datafield>
          <datafield tag="035" ind1=" " ind2=" ">
            <subfield code="a">(OCoLC)1148475690</subfield>
          </datafield>
          <datafield tag="042" ind1=" " ind2=" ">
            <subfield code="a">pcc</subfield>
          </datafield>
          <datafield tag="043" ind1=" " ind2=" ">
            <subfield code="a">f-ae---</subfield>
            <subfield code="a">s-ag---</subfield>
            <subfield code="a">u-at---</subfield>
            <subfield code="a">a-aj---</subfield>
            <subfield code="a">e-be---</subfield>
            <subfield code="a">s-bl---</subfield>
            <subfield code="a">n-cn---</subfield>
            <subfield code="a">a-cc---</subfield>
            <subfield code="a">f-iv---</subfield>
            <subfield code="a">f-ua---</subfield>
            <subfield code="a">e-er</subfield>
            <subfield code="a">e-fr---</subfield>
            <subfield code="a">e-gx---</subfield>
            <subfield code="a">ncgt---</subfield>
            <subfield code="a">a-ii---</subfield>
            <subfield code="a">a-is---</subfield>
            <subfield code="a">e-it---</subfield>
            <subfield code="a">nwjm---</subfield>
            <subfield code="a">a-jo---</subfield>
            <subfield code="a">f-ke---</subfield>
            <subfield code="a">a-ku---</subfield>
            <subfield code="a">e-mm---</subfield>
            <subfield code="a">n-mx---</subfield>
            <subfield code="a">u-nz---</subfield>
            <subfield code="a">ncnq---</subfield>
            <subfield code="a">e-no---</subfield>
            <subfield code="a">a-ph---</subfield>
            <subfield code="a">e-po---</subfield>
            <subfield code="a">e-ru---</subfield>
            <subfield code="a">f-sa---</subfield>
            <subfield code="a">e-sp---</subfield>
            <subfield code="a">e-sw---</subfield>
            <subfield code="a">e-sz---</subfield>
            <subfield code="a">a-ch---</subfield>
            <subfield code="a">a-tu---</subfield>
            <subfield code="a">e-uk---</subfield>
            <subfield code="a">n-us---</subfield>
          </datafield>
          <datafield tag="050" ind1="0" ind2="0">
            <subfield code="a">K4700</subfield>
          </datafield>
          <datafield tag="074" ind1=" " ind2=" ">
            <subfield code="a">0818-J (online)</subfield>
          </datafield>
          <datafield tag="086" ind1="0" ind2=" ">
            <subfield code="a">LC 42.2:L 52/2</subfield>
          </datafield>
          <datafield tag="088" ind1=" " ind2=" ">
            <subfield code="a">LRA-D-PUB-002371</subfield>
          </datafield>
          <datafield tag="245" ind1="0" ind2="0">
            <subfield code="a">Continuity of legislative activities during emergency situations in selected countries :</subfield>
            <subfield code="b">report for Congress /</subfield>
            <subfield code="c">Elizabeth Boomer, George Sadek, Graciela Rodriguez-Ferrand, Kelly Buchanan, Kayahan Cantekin, Nicolas Boring, Eduardo Soares, Tariq Ahmad, Laney Zhang, Peter Roudik, Jenny Gesley, Norma C. Gutiérrez, Ruth Levush, Dante Figueroa, Hanibal Goitom, Clare Feikert-Ahalt, Gustavo Guerra, Elin Hofverberg, Eduardo Soares, Margaret Wood.</subfield>
          </datafield>
          <datafield tag="264" ind1=" " ind2="1">
            <subfield code="a">[Washington, D.C.] :</subfield>
            <subfield code="b">The Law Library of Congress, Global Legal Research Directorate,</subfield>
            <subfield code="c">2020.</subfield>
          </datafield>
          <datafield tag="300" ind1=" " ind2=" ">
            <subfield code="a">1 online resource.</subfield>
          </datafield>
          <datafield tag="336" ind1=" " ind2=" ">
            <subfield code="a">text</subfield>
            <subfield code="b">txt</subfield>
            <subfield code="2">rdacontent</subfield>
          </datafield>
          <datafield tag="337" ind1=" " ind2=" ">
            <subfield code="a">computer</subfield>
            <subfield code="b">c</subfield>
            <subfield code="2">rdamedia</subfield>
          </datafield>
          <datafield tag="338" ind1=" " ind2=" ">
            <subfield code="a">online resource</subfield>
            <subfield code="b">cr</subfield>
            <subfield code="2">rdacarrier</subfield>
          </datafield>
          <datafield tag="500" ind1=" " ind2=" ">
            <subfield code="a">"March 2020."</subfield>
          </datafield>
          <datafield tag="500" ind1=" " ind2=" ">
            <subfield code="a">"Algeria, Argentina, Australia, Azerbaijan, Belgium, Brazil, Canada, China, Côte d'Ivoire, Egypt, Estonia, France, Germany, Guatemala, India, Israel, Italy, Jamaica, Jordan, Kenya, Kuwait, Malta, Mexico, New Zealand, Nicaragua, Norway, Philippines, Portugal, Russian Federation, South Africa, Spain, Sweden, Switzerland, Taiwan, Turkey, United Kingdom, United States."</subfield>
          </datafield>
          <datafield tag="500" ind1=" " ind2=" ">
            <subfield code="a">"LL File No. 2020-018916."</subfield>
          </datafield>
          <datafield tag="504" ind1=" " ind2=" ">
            <subfield code="a">Includes bibliographical references.</subfield>
          </datafield>
          <datafield tag="588" ind1=" " ind2=" ">
            <subfield code="a">Description based on online resource; title from PDF cover (LOC, viewed April 3, 2020).</subfield>
          </datafield>
          <datafield tag="650" ind1=" " ind2="0">
            <subfield code="a">War and emergency legislation</subfield>
            <subfield code="z">Algeria.</subfield>
          </datafield>
          <datafield tag="650" ind1=" " ind2="0">
            <subfield code="a">War and emergency legislation</subfield>
            <subfield code="z">Argentina.</subfield>
          </datafield>
          <datafield tag="650" ind1=" " ind2="0">
            <subfield code="a">War and emergency legislation</subfield>
            <subfield code="z">Australia.</subfield>
          </datafield>
          <datafield tag="650" ind1=" " ind2="0">
            <subfield code="a">War and emergency legislation</subfield>
            <subfield code="z">Azerbaijan.</subfield>
          </datafield>
          <datafield tag="650" ind1=" " ind2="0">
            <subfield code="a">War and emergency legislation</subfield>
            <subfield code="z">Belgium.</subfield>
          </datafield>
          <datafield tag="650" ind1=" " ind2="0">
            <subfield code="a">War and emergency legislation</subfield>
            <subfield code="z">Brazil.</subfield>
          </datafield>
          <datafield tag="650" ind1=" " ind2="0">
            <subfield code="a">War and emergency legislation</subfield>
            <subfield code="z">Canada.</subfield>
          </datafield>
          <datafield tag="650" ind1=" " ind2="0">
            <subfield code="a">War and emergency legislation</subfield>
            <subfield code="z">China.</subfield>
          </datafield>
          <datafield tag="650" ind1=" " ind2="0">
            <subfield code="a">War and emergency legislation</subfield>
            <subfield code="z">Côte d'Ivoire.</subfield>
          </datafield>
          <datafield tag="650" ind1=" " ind2="0">
            <subfield code="a">War and emergency legislation</subfield>
            <subfield code="z">Egypt.</subfield>
          </datafield>
          <datafield tag="650" ind1=" " ind2="0">
            <subfield code="a">War and emergency legislation</subfield>
            <subfield code="z">Estonia.</subfield>
          </datafield>
          <datafield tag="650" ind1=" " ind2="0">
            <subfield code="a">War and emergency legislation</subfield>
            <subfield code="z">France.</subfield>
          </datafield>
          <datafield tag="650" ind1=" " ind2="0">
            <subfield code="a">War and emergency legislation</subfield>
            <subfield code="z">Germany.</subfield>
          </datafield>
          <datafield tag="650" ind1=" " ind2="0">
            <subfield code="a">War and emergency legislation</subfield>
            <subfield code="z">Guatemala.</subfield>
          </datafield>
          <datafield tag="650" ind1=" " ind2="0">
            <subfield code="a">War and emergency legislation</subfield>
            <subfield code="z">India.</subfield>
          </datafield>
          <datafield tag="650" ind1=" " ind2="0">
            <subfield code="a">War and emergency legislation</subfield>
            <subfield code="z">Israel.</subfield>
          </datafield>
          <datafield tag="650" ind1=" " ind2="0">
            <subfield code="a">War and emergency legislation</subfield>
            <subfield code="z">Italy.</subfield>
          </datafield>
          <datafield tag="650" ind1=" " ind2="0">
            <subfield code="a">War and emergency legislation</subfield>
            <subfield code="z">Jamaica.</subfield>
          </datafield>
          <datafield tag="650" ind1=" " ind2="0">
            <subfield code="a">War and emergency legislation</subfield>
            <subfield code="z">Jordan.</subfield>
          </datafield>
          <datafield tag="650" ind1=" " ind2="0">
            <subfield code="a">War and emergency legislation</subfield>
            <subfield code="z">Kenya.</subfield>
          </datafield>
          <datafield tag="650" ind1=" " ind2="0">
            <subfield code="a">War and emergency legislation</subfield>
            <subfield code="z">Kuwait.</subfield>
          </datafield>
          <datafield tag="650" ind1=" " ind2="0">
            <subfield code="a">War and emergency legislation</subfield>
            <subfield code="z">Malta.</subfield>
          </datafield>
          <datafield tag="650" ind1=" " ind2="0">
            <subfield code="a">War and emergency legislation</subfield>
            <subfield code="z">Mexico.</subfield>
          </datafield>
          <datafield tag="650" ind1=" " ind2="0">
            <subfield code="a">War and emergency legislation</subfield>
            <subfield code="z">New Zealand.</subfield>
          </datafield>
          <datafield tag="650" ind1=" " ind2="0">
            <subfield code="a">War and emergency legislation</subfield>
            <subfield code="z">Nicaragua.</subfield>
          </datafield>
          <datafield tag="650" ind1=" " ind2="0">
            <subfield code="a">War and emergency legislation</subfield>
            <subfield code="z">Norway.</subfield>
          </datafield>
          <datafield tag="650" ind1=" " ind2="0">
            <subfield code="a">War and emergency legislation</subfield>
            <subfield code="z">Philippines.</subfield>
          </datafield>
          <datafield tag="650" ind1=" " ind2="0">
            <subfield code="a">War and emergency legislation</subfield>
            <subfield code="z">Portugal.</subfield>
          </datafield>
          <datafield tag="650" ind1=" " ind2="0">
            <subfield code="a">War and emergency legislation</subfield>
            <subfield code="z">Russia (Federation)</subfield>
          </datafield>
          <datafield tag="650" ind1=" " ind2="0">
            <subfield code="a">War and emergency legislation</subfield>
            <subfield code="z">South Africa.</subfield>
          </datafield>
          <datafield tag="650" ind1=" " ind2="0">
            <subfield code="a">War and emergency legislation</subfield>
            <subfield code="z">Spain.</subfield>
          </datafield>
          <datafield tag="650" ind1=" " ind2="0">
            <subfield code="a">War and emergency legislation</subfield>
            <subfield code="z">Sweden.</subfield>
          </datafield>
          <datafield tag="650" ind1=" " ind2="0">
            <subfield code="a">War and emergency legislation</subfield>
            <subfield code="z">Switzerland.</subfield>
          </datafield>
          <datafield tag="650" ind1=" " ind2="0">
            <subfield code="a">War and emergency legislation</subfield>
            <subfield code="z">Taiwan.</subfield>
          </datafield>
          <datafield tag="650" ind1=" " ind2="0">
            <subfield code="a">War and emergency legislation</subfield>
            <subfield code="z">Turkey.</subfield>
          </datafield>
          <datafield tag="650" ind1=" " ind2="0">
            <subfield code="a">War and emergency legislation</subfield>
            <subfield code="z">Great Britain.</subfield>
          </datafield>
          <datafield tag="650" ind1=" " ind2="0">
            <subfield code="a">War and emergency legislation</subfield>
            <subfield code="z">United States.</subfield>
          </datafield>
          <datafield tag="650" ind1=" " ind2="0">
            <subfield code="a">Parliamentary practice</subfield>
            <subfield code="z">Algeria.</subfield>
          </datafield>
          <datafield tag="650" ind1=" " ind2="0">
            <subfield code="a">Parliamentary practice</subfield>
            <subfield code="z">Argentina.</subfield>
          </datafield>
          <datafield tag="650" ind1=" " ind2="0">
            <subfield code="a">Parliamentary practice</subfield>
            <subfield code="z">Australia.</subfield>
          </datafield>
          <datafield tag="650" ind1=" " ind2="0">
            <subfield code="a">Parliamentary practice</subfield>
            <subfield code="z">Azerbaijan.</subfield>
          </datafield>
          <datafield tag="650" ind1=" " ind2="0">
            <subfield code="a">Parliamentary practice</subfield>
            <subfield code="z">Belgium.</subfield>
          </datafield>
          <datafield tag="650" ind1=" " ind2="0">
            <subfield code="a">Parliamentary practice</subfield>
            <subfield code="z">Brazil.</subfield>
          </datafield>
          <datafield tag="650" ind1=" " ind2="0">
            <subfield code="a">Parliamentary practice</subfield>
            <subfield code="z">Canada.</subfield>
          </datafield>
          <datafield tag="650" ind1=" " ind2="0">
            <subfield code="a">Parliamentary practice</subfield>
            <subfield code="z">China.</subfield>
          </datafield>
          <datafield tag="650" ind1=" " ind2="0">
            <subfield code="a">Parliamentary practice</subfield>
            <subfield code="z">Côte d'Ivoire.</subfield>
          </datafield>
          <datafield tag="650" ind1=" " ind2="0">
            <subfield code="a">Parliamentary practice</subfield>
            <subfield code="z">Egypt.</subfield>
          </datafield>
          <datafield tag="650" ind1=" " ind2="0">
            <subfield code="a">Parliamentary practice</subfield>
            <subfield code="z">Estonia.</subfield>
          </datafield>
          <datafield tag="650" ind1=" " ind2="0">
            <subfield code="a">Parliamentary practice</subfield>
            <subfield code="z">France.</subfield>
          </datafield>
          <datafield tag="650" ind1=" " ind2="0">
            <subfield code="a">Parliamentary practice</subfield>
            <subfield code="z">Germany.</subfield>
          </datafield>
          <datafield tag="650" ind1=" " ind2="0">
            <subfield code="a">Parliamentary practice</subfield>
            <subfield code="z">Guatemala.</subfield>
          </datafield>
          <datafield tag="650" ind1=" " ind2="0">
            <subfield code="a">Parliamentary practice</subfield>
            <subfield code="z">India.</subfield>
          </datafield>
          <datafield tag="650" ind1=" " ind2="0">
            <subfield code="a">Parliamentary practice</subfield>
            <subfield code="z">Israel.</subfield>
          </datafield>
          <datafield tag="650" ind1=" " ind2="0">
            <subfield code="a">Parliamentary practice</subfield>
            <subfield code="z">Italy.</subfield>
          </datafield>
          <datafield tag="650" ind1=" " ind2="0">
            <subfield code="a">Parliamentary practice</subfield>
            <subfield code="z">Jamaica.</subfield>
          </datafield>
          <datafield tag="650" ind1=" " ind2="0">
            <subfield code="a">Parliamentary practice</subfield>
            <subfield code="z">Jordan.</subfield>
          </datafield>
          <datafield tag="650" ind1=" " ind2="0">
            <subfield code="a">Parliamentary practice</subfield>
            <subfield code="z">Kenya.</subfield>
          </datafield>
          <datafield tag="650" ind1=" " ind2="0">
            <subfield code="a">Parliamentary practice</subfield>
            <subfield code="z">Kuwait.</subfield>
          </datafield>
          <datafield tag="650" ind1=" " ind2="0">
            <subfield code="a">Parliamentary practice</subfield>
            <subfield code="z">Malta.</subfield>
          </datafield>
          <datafield tag="650" ind1=" " ind2="0">
            <subfield code="a">Parliamentary practice</subfield>
            <subfield code="z">Mexico.</subfield>
          </datafield>
          <datafield tag="650" ind1=" " ind2="0">
            <subfield code="a">Parliamentary practice</subfield>
            <subfield code="z">New Zealand.</subfield>
          </datafield>
          <datafield tag="650" ind1=" " ind2="0">
            <subfield code="a">Parliamentary practice</subfield>
            <subfield code="z">Nicaragua.</subfield>
          </datafield>
          <datafield tag="650" ind1=" " ind2="0">
            <subfield code="a">Parliamentary practice</subfield>
            <subfield code="z">Norway.</subfield>
          </datafield>
          <datafield tag="650" ind1=" " ind2="0">
            <subfield code="a">Parliamentary practice</subfield>
            <subfield code="z">Philippines.</subfield>
          </datafield>
          <datafield tag="650" ind1=" " ind2="0">
            <subfield code="a">Parliamentary practice</subfield>
            <subfield code="z">Portugal.</subfield>
          </datafield>
          <datafield tag="650" ind1=" " ind2="0">
            <subfield code="a">Parliamentary practice</subfield>
            <subfield code="z">Russia (Federation)</subfield>
          </datafield>
          <datafield tag="650" ind1=" " ind2="0">
            <subfield code="a">Parliamentary practice</subfield>
            <subfield code="z">South Africa.</subfield>
          </datafield>
          <datafield tag="650" ind1=" " ind2="0">
            <subfield code="a">Parliamentary practice</subfield>
            <subfield code="z">Spain.</subfield>
          </datafield>
          <datafield tag="650" ind1=" " ind2="0">
            <subfield code="a">Parliamentary practice</subfield>
            <subfield code="z">Sweden.</subfield>
          </datafield>
          <datafield tag="650" ind1=" " ind2="0">
            <subfield code="a">Parliamentary practice</subfield>
            <subfield code="z">Switzerland.</subfield>
          </datafield>
          <datafield tag="650" ind1=" " ind2="0">
            <subfield code="a">Parliamentary practice</subfield>
            <subfield code="z">Taiwan.</subfield>
          </datafield>
          <datafield tag="650" ind1=" " ind2="0">
            <subfield code="a">Parliamentary practice</subfield>
            <subfield code="z">Turkey.</subfield>
          </datafield>
          <datafield tag="650" ind1=" " ind2="0">
            <subfield code="a">Parliamentary practice</subfield>
            <subfield code="z">Great Britain.</subfield>
          </datafield>
          <datafield tag="650" ind1=" " ind2="0">
            <subfield code="a">Parliamentary practice</subfield>
            <subfield code="z">United States.</subfield>
          </datafield>
          <datafield tag="650" ind1=" " ind2="0">
            <subfield code="a">COVID-19 (Disease)</subfield>
            <subfield code="x">Law and legislation</subfield>
            <subfield code="z">Algeria.</subfield>
          </datafield>
          <datafield tag="650" ind1=" " ind2="0">
            <subfield code="a">COVID-19 (Disease)</subfield>
            <subfield code="x">Law and legislation</subfield>
            <subfield code="z">Argentina.</subfield>
          </datafield>
          <datafield tag="650" ind1=" " ind2="0">
            <subfield code="a">COVID-19 (Disease)</subfield>
            <subfield code="x">Law and legislation</subfield>
            <subfield code="z">Australia.</subfield>
          </datafield>
          <datafield tag="650" ind1=" " ind2="0">
            <subfield code="a">COVID-19 (Disease)</subfield>
            <subfield code="x">Law and legislation</subfield>
            <subfield code="z">Azerbaijan.</subfield>
          </datafield>
          <datafield tag="650" ind1=" " ind2="0">
            <subfield code="a">COVID-19 (Disease)</subfield>
            <subfield code="x">Law and legislation</subfield>
            <subfield code="z">Belgium.</subfield>
          </datafield>
          <datafield tag="650" ind1=" " ind2="0">
            <subfield code="a">COVID-19 (Disease)</subfield>
            <subfield code="x">Law and legislation</subfield>
            <subfield code="z">Brazil.</subfield>
          </datafield>
          <datafield tag="650" ind1=" " ind2="0">
            <subfield code="a">COVID-19 (Disease)</subfield>
            <subfield code="x">Law and legislation</subfield>
            <subfield code="z">Canada.</subfield>
          </datafield>
          <datafield tag="650" ind1=" " ind2="0">
            <subfield code="a">COVID-19 (Disease)</subfield>
            <subfield code="x">Law and legislation</subfield>
            <subfield code="z">China.</subfield>
          </datafield>
          <datafield tag="650" ind1=" " ind2="0">
            <subfield code="a">COVID-19 (Disease)</subfield>
            <subfield code="x">Law and legislation</subfield>
            <subfield code="z">Côte d'Ivoire.</subfield>
          </datafield>
          <datafield tag="650" ind1=" " ind2="0">
            <subfield code="a">COVID-19 (Disease)</subfield>
            <subfield code="x">Law and legislation</subfield>
            <subfield code="z">Egypt.</subfield>
          </datafield>
          <datafield tag="650" ind1=" " ind2="0">
            <subfield code="a">COVID-19 (Disease)</subfield>
            <subfield code="x">Law and legislation</subfield>
            <subfield code="z">Estonia.</subfield>
          </datafield>
          <datafield tag="650" ind1=" " ind2="0">
            <subfield code="a">COVID-19 (Disease)</subfield>
            <subfield code="x">Law and legislation</subfield>
            <subfield code="z">France.</subfield>
          </datafield>
          <datafield tag="650" ind1=" " ind2="0">
            <subfield code="a">COVID-19 (Disease)</subfield>
            <subfield code="x">Law and legislation</subfield>
            <subfield code="z">Germany.</subfield>
          </datafield>
          <datafield tag="650" ind1=" " ind2="0">
            <subfield code="a">COVID-19 (Disease)</subfield>
            <subfield code="x">Law and legislation</subfield>
            <subfield code="z">Guatemala.</subfield>
          </datafield>
          <datafield tag="650" ind1=" " ind2="0">
            <subfield code="a">COVID-19 (Disease)</subfield>
            <subfield code="x">Law and legislation</subfield>
            <subfield code="z">India.</subfield>
          </datafield>
          <datafield tag="650" ind1=" " ind2="0">
            <subfield code="a">COVID-19 (Disease)</subfield>
            <subfield code="x">Law and legislation</subfield>
            <subfield code="z">Israel.</subfield>
          </datafield>
          <datafield tag="650" ind1=" " ind2="0">
            <subfield code="a">COVID-19 (Disease)</subfield>
            <subfield code="x">Law and legislation</subfield>
            <subfield code="z">Italy.</subfield>
          </datafield>
          <datafield tag="650" ind1=" " ind2="0">
            <subfield code="a">COVID-19 (Disease)</subfield>
            <subfield code="x">Law and legislation</subfield>
            <subfield code="z">Jamaica.</subfield>
          </datafield>
          <datafield tag="650" ind1=" " ind2="0">
            <subfield code="a">COVID-19 (Disease)</subfield>
            <subfield code="x">Law and legislation</subfield>
            <subfield code="z">Jordan.</subfield>
          </datafield>
          <datafield tag="650" ind1=" " ind2="0">
            <subfield code="a">COVID-19 (Disease)</subfield>
            <subfield code="x">Law and legislation</subfield>
            <subfield code="z">Kenya.</subfield>
          </datafield>
          <datafield tag="650" ind1=" " ind2="0">
            <subfield code="a">COVID-19 (Disease)</subfield>
            <subfield code="x">Law and legislation</subfield>
            <subfield code="z">Kuwait.</subfield>
          </datafield>
          <datafield tag="650" ind1=" " ind2="0">
            <subfield code="a">COVID-19 (Disease)</subfield>
            <subfield code="x">Law and legislation</subfield>
            <subfield code="z">Malta.</subfield>
          </datafield>
          <datafield tag="650" ind1=" " ind2="0">
            <subfield code="a">COVID-19 (Disease)</subfield>
            <subfield code="x">Law and legislation</subfield>
            <subfield code="z">Mexico.</subfield>
          </datafield>
          <datafield tag="650" ind1=" " ind2="0">
            <subfield code="a">COVID-19 (Disease)</subfield>
            <subfield code="x">Law and legislation</subfield>
            <subfield code="z">Nicaragua.</subfield>
          </datafield>
          <datafield tag="650" ind1=" " ind2="0">
            <subfield code="a">COVID-19 (Disease)</subfield>
            <subfield code="x">Law and legislation</subfield>
            <subfield code="z">Norway.</subfield>
          </datafield>
          <datafield tag="650" ind1=" " ind2="0">
            <subfield code="a">COVID-19 (Disease)</subfield>
            <subfield code="x">Law and legislation</subfield>
            <subfield code="z">Philippines.</subfield>
          </datafield>
          <datafield tag="650" ind1=" " ind2="0">
            <subfield code="a">COVID-19 (Disease)</subfield>
            <subfield code="x">Law and legislation</subfield>
            <subfield code="z">Portugal.</subfield>
          </datafield>
          <datafield tag="650" ind1=" " ind2="0">
            <subfield code="a">COVID-19 (Disease)</subfield>
            <subfield code="x">Law and legislation</subfield>
            <subfield code="z">Russia (Federation)</subfield>
          </datafield>
          <datafield tag="650" ind1=" " ind2="0">
            <subfield code="a">COVID-19 (Disease)</subfield>
            <subfield code="x">Law and legislation</subfield>
            <subfield code="z">South Africa.</subfield>
          </datafield>
          <datafield tag="650" ind1=" " ind2="0">
            <subfield code="a">COVID-19 (Disease)</subfield>
            <subfield code="x">Law and legislation</subfield>
            <subfield code="z">Spain.</subfield>
          </datafield>
          <datafield tag="650" ind1=" " ind2="0">
            <subfield code="a">COVID-19 (Disease)</subfield>
            <subfield code="x">Law and legislation</subfield>
            <subfield code="z">Sweden.</subfield>
          </datafield>
          <datafield tag="650" ind1=" " ind2="0">
            <subfield code="a">COVID-19 (Disease)</subfield>
            <subfield code="x">Law and legislation</subfield>
            <subfield code="z">Switzerland.</subfield>
          </datafield>
          <datafield tag="650" ind1=" " ind2="0">
            <subfield code="a">COVID-19 (Disease)</subfield>
            <subfield code="x">Law and legislation</subfield>
            <subfield code="z">Taiwan.</subfield>
          </datafield>
          <datafield tag="650" ind1=" " ind2="0">
            <subfield code="a">COVID-19 (Disease)</subfield>
            <subfield code="x">Law and legislation</subfield>
            <subfield code="z">Turkey.</subfield>
          </datafield>
          <datafield tag="650" ind1=" " ind2="0">
            <subfield code="a">COVID-19 (Disease)</subfield>
            <subfield code="x">Law and legislation</subfield>
            <subfield code="z">Great Britain.</subfield>
          </datafield>
          <datafield tag="650" ind1=" " ind2="0">
            <subfield code="a">COVID-19 (Disease)</subfield>
            <subfield code="x">Law and legislation</subfield>
            <subfield code="z">United States.</subfield>
          </datafield>
          <datafield tag="700" ind1="1" ind2=" ">
            <subfield code="a">Boomer, Elizabeth,</subfield>
            <subfield code="e">author.</subfield>
          </datafield>
          <datafield tag="700" ind1="1" ind2=" ">
            <subfield code="a">Sadek, George</subfield>
            <subfield code="c">(Lawyer),</subfield>
            <subfield code="e">author.</subfield>
          </datafield>
          <datafield tag="700" ind1="1" ind2=" ">
            <subfield code="a">Rodriguez-Ferrand, Graciela,</subfield>
            <subfield code="e">author.</subfield>
          </datafield>
          <datafield tag="700" ind1="1" ind2=" ">
            <subfield code="a">Buchanan, Kelly</subfield>
            <subfield code="q">(Kelly S.),</subfield>
            <subfield code="e">author.</subfield>
          </datafield>
          <datafield tag="700" ind1="1" ind2=" ">
            <subfield code="a">Cantekin, Kayahan,</subfield>
            <subfield code="e">author.</subfield>
          </datafield>
          <datafield tag="700" ind1="1" ind2=" ">
            <subfield code="a">Boring, Nicolas,</subfield>
            <subfield code="e">author.</subfield>
          </datafield>
          <datafield tag="700" ind1="1" ind2=" ">
            <subfield code="a">Soares, Eduardo</subfield>
            <subfield code="q">(Eduardo da Gama),</subfield>
            <subfield code="e">author.</subfield>
          </datafield>
          <datafield tag="700" ind1="1" ind2=" ">
            <subfield code="a">Ahmad, Tariq</subfield>
            <subfield code="c">(Lawyer),</subfield>
            <subfield code="e">author.</subfield>
          </datafield>
          <datafield tag="700" ind1="1" ind2=" ">
            <subfield code="a">Zhang, Laney,</subfield>
            <subfield code="e">author.</subfield>
          </datafield>
          <datafield tag="700" ind1="1" ind2=" ">
            <subfield code="a">Roudik, Peter,</subfield>
            <subfield code="e">author.</subfield>
          </datafield>
          <datafield tag="700" ind1="1" ind2=" ">
            <subfield code="a">Gesley, Jenny,</subfield>
            <subfield code="e">author.</subfield>
          </datafield>
          <datafield tag="700" ind1="1" ind2=" ">
            <subfield code="a">Gutiérrez, Norma C.,</subfield>
            <subfield code="e">author.</subfield>
          </datafield>
          <datafield tag="700" ind1="1" ind2=" ">
            <subfield code="a">Levush, Ruth,</subfield>
            <subfield code="e">author.</subfield>
          </datafield>
          <datafield tag="700" ind1="1" ind2=" ">
            <subfield code="a">Figueroa, Dante,</subfield>
            <subfield code="e">author.</subfield>
          </datafield>
          <datafield tag="700" ind1="1" ind2=" ">
            <subfield code="a">Goitom, Hanibal,</subfield>
            <subfield code="e">author.</subfield>
          </datafield>
          <datafield tag="700" ind1="1" ind2=" ">
            <subfield code="a">Feikert-Ahalt, Clare,</subfield>
            <subfield code="e">author.</subfield>
          </datafield>
          <datafield tag="700" ind1="1" ind2=" ">
            <subfield code="a">Guerra, Gustavo,</subfield>
            <subfield code="e">author.</subfield>
          </datafield>
          <datafield tag="700" ind1="1" ind2=" ">
            <subfield code="a">Hofverberg, Elin,</subfield>
            <subfield code="e">author.</subfield>
          </datafield>
          <datafield tag="700" ind1="1" ind2=" ">
            <subfield code="a">Wood, Margaret</subfield>
            <subfield code="c">(Law librarian),</subfield>
            <subfield code="e">author.</subfield>
          </datafield>
          <datafield tag="710" ind1="2" ind2=" ">
            <subfield code="a">Law Library of Congress (U.S.).</subfield>
            <subfield code="b">Global Legal Research Directorate,</subfield>
            <subfield code="e">issuing body.</subfield>
          </datafield>
          <datafield tag="856" ind1="4" ind2="0">
            <subfield code="u">https://purl.fdlp.gov/GPO/gpo135162</subfield>
          </datafield>
          <datafield tag="856" ind1="4" ind2="0">
            <subfield code="d">llglrd</subfield>
            <subfield code="f">2019713408</subfield>
            <subfield code="u">https://hdl.loc.gov/loc.law/llglrd.2019713408</subfield>
          </datafield>
          <datafield tag="985" ind1=" " ind2=" ">
            <subfield code="a">llpub</subfield>
          </datafield>
          <datafield tag="985" ind1=" " ind2=" ">
            <subfield code="a">ll/glrd/dpub</subfield>
            <subfield code="e">lawgov202106</subfield>
          </datafield>
          <datafield tag="991" ind1=" " ind2=" ">
            <subfield code="h">Electronic Resource</subfield>
          </datafield>
        </record>
      </zs:recordData>
      <zs:recordPosition>1</zs:recordPosition>
    </zs:record>