
    <zs:record>
      <zs:recordSchema/>
      <zs:recordPacking>xml</zs:recordPacking>
      <zs:recordData>
        <record xmlns="http://www.loc.gov/MARC21/slim">
          <leader>04365cam a2200433 i 4500</leader>
          <controlfield tag="001">19293361</controlfield>
          <controlfield tag="005">20210324131826.0</controlfield>
          <controlfield tag="008">160928s2017    enk      b    001 0 eng  </controlfield>
          <datafield tag="906" ind1=" " ind2=" ">
            <subfield code="a">7</subfield>
            <subfield code="b">cbc</subfield>
            <subfield code="c">orignew</subfield>
            <subfield code="d">1</subfield>
            <subfield code="e">ecip</subfield>
            <subfield code="f">20</subfield>
            <subfield code="g">y-gencatlg</subfield>
          </datafield>
          <datafield tag="925" ind1="0" ind2=" ">
            <subfield code="a">acquire</subfield>
            <subfield code="b">1 shelf copy</subfield>
            <subfield code="x">policy default</subfield>
            <subfield code="e">claim1  2017-08-31</subfield>
            <subfield code="e">claim2  2018-01-24</subfield>
            <subfield code="e">to CAD  2018-06-28</subfield>
          </datafield>
          <datafield tag="955" ind1=" " ind2=" ">
            <subfield code="b">rf03 2016-09-28</subfield>
            <subfield code="c">rf03 2016-09-28 ONIX to GPSE for subj.</subfield>
            <subfield code="d">re23 2016-11-21 (telework) to SL</subfield>
            <subfield code="e">re24 2016-11-25 to Dewey</subfield>
            <subfield code="w">re09 2016-11-28 to CIP</subfield>
            <subfield code="a">xn11 2021-01-12 1 copy rec'd., to CIP ver.</subfield>
            <subfield code="f">rk06 2021-03-24 to CMD</subfield>
          </datafield>
          <datafield tag="010" ind1=" " ind2=" ">
            <subfield code="a">  2016035495</subfield>
          </datafield>
          <datafield tag="020" ind1=" " ind2=" ">
            <subfield code="a">9781474223034 (hardback)</subfield>
          </datafield>
          <datafield tag="020" ind1=" " ind2=" ">
            <subfield code="z">9781474223027 (epdf)</subfield>
          </datafield>
          <datafield tag="020" ind1=" " ind2=" ">
            <subfield code="z">9781474223041 (epub)</subfield>
          </datafield>
          <datafield tag="040" ind1=" " ind2=" ">
            <subfield code="a">DLC</subfield>
            <subfield code="b">eng</subfield>
            <subfield code="c">DLC</subfield>
            <subfield code="e">rda</subfield>
            <subfield code="d">DLC</subfield>
          </datafield>
          <datafield tag="042" ind1=" " ind2=" ">
            <subfield code="a">pcc</subfield>
          </datafield>
          <datafield tag="050" ind1="0" ind2="0">
            <subfield code="a">LB2322.2</subfield>
            <subfield code="b">.C65 2017</subfield>
          </datafield>
          <datafield tag="082" ind1="0" ind2="0">
            <subfield code="a">378</subfield>
            <subfield code="2">23</subfield>
          </datafield>
          <datafield tag="084" ind1=" " ind2=" ">
            <subfield code="a">EDU000000</subfield>
            <subfield code="a">EDU015000</subfield>
            <subfield code="2">bisacsh</subfield>
          </datafield>
          <datafield tag="245" ind1="0" ind2="0">
            <subfield code="a">Cosmopolitan perspectives on academic leadership in higher education /</subfield>
            <subfield code="c">edited by Feng Su and Margaret Wood.</subfield>
          </datafield>
          <datafield tag="264" ind1=" " ind2="1">
            <subfield code="a">London ;</subfield>
            <subfield code="a">New York :</subfield>
            <subfield code="b">Bloomsbury Academic,</subfield>
            <subfield code="c">2017.</subfield>
          </datafield>
          <datafield tag="300" ind1=" " ind2=" ">
            <subfield code="a">xiii, 207 pages ;</subfield>
            <subfield code="c">24 cm.</subfield>
          </datafield>
          <datafield tag="336" ind1=" " ind2=" ">
            <subfield code="a">text</subfield>
            <subfield code="b">txt</subfield>
            <subfield code="2">rdacontent</subfield>
          </datafield>
          <datafield tag="337" ind1=" " ind2=" ">
            <subfield code="a">unmediated</subfield>
            <subfield code="b">n</subfield>
            <subfield code="2">rdamedia</subfield>
          </datafield>
          <datafield tag="338" ind1=" " ind2=" ">
            <subfield code="a">volume</subfield>
            <subfield code="b">nc</subfield>
            <subfield code="2">rdacarrier</subfield>
          </datafield>
          <datafield tag="490" ind1="0" ind2=" ">
            <subfield code="a">Perspectives on leadership in higher education</subfield>
          </datafield>
          <datafield tag="504" ind1=" " ind2=" ">
            <subfield code="a">Includes bibliographical references and index.</subfield>
          </datafield>
          <datafield tag="520" ind1=" " ind2=" ">
            <subfield code="a">"This book explores what academic leadership in higher education might mean in the cosmopolitan and increasingly globalised 21st century through individual academics' narrative accounts drawn from a range of international contexts. The book shows that academic leadership is key to an individual's development and that it could mean different things in different settings as academics operate across the levels of professional practice, institutional organisation, sector-wide systems and international networks. This book argues for the importance of cosmopolitan perspectives on academic leadership which are developed from the particularities of local and everyday situated experience. Part I of the book explores key theoretical perspectives; Part II provides first-hand accounts from the contributors of their own development as academic leaders; and Part III discusses some of the implications for those with responsibility for academic development and for all those concerned with developing the qualities necessary for leadership practices."--</subfield>
            <subfield code="c">Provided by publisher.</subfield>
          </datafield>
          <datafield tag="520" ind1=" " ind2=" ">
            <subfield code="a">"Explores academic development at the individual level in different international higher education contexts and on the implications for academic leadership development"--</subfield>
            <subfield code="c">Provided by publisher.</subfield>
          </datafield>
          <datafield tag="505" ind1="8" ind2=" ">
            <subfield code="a">Machine generated contents note: -- Series Editors Foreword -- Introduction: Towards a Cosmopolitan Outlook on Academic Leadership, Feng Su and Margaret Wood -- Part I: Theoretical Orientations -- 1. Academic Leadership and Its Discontents: Cosmopolitan Perspectives, John Smyth -- 2. Everyday Cosmopolitanism: The Challenges of Academic Leadership, Fazal Rizvi and Jason Beech -- Part II: Cosmopolitan Narratives -- 3. Academic Leadership and Political Oppression in Palestine: Lessons to be learnt, Rabab Tamish -- 4. Political Extremes in the Philippines: Academic Leadership and Social Engagement, Bienvenido F. Nebres -- 5. Leadership of Academic Writing Development in England: Narratives of Problems, Pragmatism and Possibility, Carol A. Taylor and Jacqueline StevensonK -- 6. Socio-political Complexities in South Africa: Academic Leadership and Social Justice, Bill Holderness -- 7. Being a Woman Academic Leader in Japan: Intellectual Leadership and Culture Difference, Beverley Yamamoto -- 8. Crossing Higher Education Borders: Academic Leadership in the Learning University, Chris Duke -- Part III: Future Directions -- 9. Enabling Academic Leadership: Changing Academic Practice, Geoff Laye-- 10. Ethics of Academic Leadership: Guiding Learning and Teaching, Alison Cook-Sather and Peter Felten -- Coda: A Response, Helen M. Gunter -- Index.</subfield>
          </datafield>
          <datafield tag="650" ind1=" " ind2="0">
            <subfield code="a">Educational leadership.</subfield>
          </datafield>
          <datafield tag="650" ind1=" " ind2="0">
            <subfield code="a">Education, Higher</subfield>
            <subfield code="x">Aims and objectives.</subfield>
          </datafield>
          <datafield tag="650" ind1=" " ind2="0">
            <subfield code="a">Universities and colleges</subfield>
            <subfield code="x">Administration.</subfield>
          </datafield>
          <datafield tag="650" ind1=" " ind2="0">
            <subfield code="a">Education and globalization.</subfield>
          </datafield>
          <datafield tag="650" ind1=" " ind2="7">
            <subfield code="a">EDUCATION / General.</subfield>
            <subfield code="2">bisacsh</subfield>
          </datafield>
          <datafield tag="650" ind1=" " ind2="7">
            <subfield code="a">EDUCATION / Higher.</subfield>
            <subfield code="2">bisacsh</subfield>
          </datafield>
          <datafield tag="700" ind1="1" ind2=" ">
            <subfield code="a">Su, Feng,</subfield>
            <subfield code="d">1978-</subfield>
            <subfield code="e">editor.</subfield>
          </datafield>
          <datafield tag="700" ind1="1" ind2=" ">
            <subfield code="a">Wood, Margaret,</subfield>
            <subfield code="d">1957-</subfield>
            <subfield code="e">editor.</subfield>
          </datafield>
        </record>
      </zs:recordData>
      <zs:recordPosition>2</zs:recordPosition>
    </zs:record>