
    <zs:record>
      <zs:recordSchema/>
      <zs:recordPacking>xml</zs:recordPacking>
      <zs:recordData>
        <record xmlns="http://www.loc.gov/MARC21/slim">
          <leader>00938pam a2200289 a 4500</leader>
          <controlfield tag="001">2924968</controlfield>
          <controlfield tag="005">19900620082357.1</controlfield>
          <controlfield tag="008">890125s1990    mdua     b    001 0 eng c</controlfield>
          <datafield tag="035" ind1=" " ind2=" ">
            <subfield code="9">(DLC)   89005397</subfield>
          </datafield>
          <datafield tag="906" ind1=" " ind2=" ">
            <subfield code="a">7</subfield>
            <subfield code="b">cbc</subfield>
            <subfield code="c">orignew</subfield>
            <subfield code="d">1</subfield>
            <subfield code="e">ocip</subfield>
            <subfield code="f">19</subfield>
            <subfield code="g">y-gencatlg</subfield>
          </datafield>
          <datafield tag="010" ind1=" " ind2=" ">
            <subfield code="a">   89005397 </subfield>
          </datafield>
          <datafield tag="020" ind1=" " ind2=" ">
            <subfield code="a">0683092537</subfield>
          </datafield>
          <datafield tag="040" ind1=" " ind2=" ">
            <subfield code="a">DNLM/DLC</subfield>
            <subfield code="c">DLC</subfield>
            <subfield code="d">DLC</subfield>
          </datafield>
          <datafield tag="050" ind1="1" ind2="0">
            <subfield code="a">RD85.5</subfield>
            <subfield code="b">.D78 1990</subfield>
          </datafield>
          <datafield tag="060" ind1=" " ind2=" ">
            <subfield code="a">QV 81 D794</subfield>
          </datafield>
          <datafield tag="082" ind1="0" ind2="0">
            <subfield code="a">615/.1/024617</subfield>
            <subfield code="2">19</subfield>
          </datafield>
          <datafield tag="245" ind1="0" ind2="0">
            <subfield code="a">Drugs and anesthesia :</subfield>
            <subfield code="b">pharmacology for anesthesiologists /</subfield>
            <subfield code="c">[edited by] Margaret Wood, Alastair J.J. Wood ; with nine contributors.</subfield>
          </datafield>
          <datafield tag="250" ind1=" " ind2=" ">
            <subfield code="a">2nd ed.</subfield>
          </datafield>
          <datafield tag="260" ind1=" " ind2=" ">
            <subfield code="a">Baltimore :</subfield>
            <subfield code="b">Williams &amp; Wilkins,</subfield>
            <subfield code="c">c1990.</subfield>
          </datafield>
          <datafield tag="300" ind1=" " ind2=" ">
            <subfield code="a">xiv, 676 p. :</subfield>
            <subfield code="b">ill. ;</subfield>
            <subfield code="c">27 cm.</subfield>
          </datafield>
          <datafield tag="504" ind1=" " ind2=" ">
            <subfield code="a">Includes bibliographical references and index.</subfield>
          </datafield>
          <datafield tag="650" ind1=" " ind2="0">
            <subfield code="a">Anesthetics.</subfield>
          </datafield>
          <datafield tag="650" ind1=" " ind2="0">
            <subfield code="a">Pharmacology.</subfield>
          </datafield>
          <datafield tag="650" ind1=" " ind2="2">
            <subfield code="a">Anesthetics.</subfield>
          </datafield>
          <datafield tag="650" ind1=" " ind2="2">
            <subfield code="a">Pharmacology.</subfield>
          </datafield>
          <datafield tag="700" ind1="1" ind2=" ">
            <subfield code="a">Wood, Margaret,</subfield>
            <subfield code="d">1946-</subfield>
          </datafield>
          <datafield tag="700" ind1="1" ind2=" ">
            <subfield code="a">Wood, Alastair J. J.</subfield>
          </datafield>
        </record>
      </zs:recordData>
      <zs:recordPosition>3</zs:recordPosition>
    </zs:record>