
    <zs:record>
      <zs:recordSchema/>
      <zs:recordPacking>xml</zs:recordPacking>
      <zs:recordData>
        <record xmlns="http://www.loc.gov/MARC21/slim">
          <leader>01290cam a2200337 a 4500</leader>
          <controlfield tag="001">12508861</controlfield>
          <controlfield tag="005">20020325155339.0</controlfield>
          <controlfield tag="008">010821s2000    at a          001 0 eng d</controlfield>
          <datafield tag="906" ind1=" " ind2=" ">
            <subfield code="a">7</subfield>
            <subfield code="b">cbc</subfield>
            <subfield code="c">copycat</subfield>
            <subfield code="d">2</subfield>
            <subfield code="e">ncip</subfield>
            <subfield code="f">20</subfield>
            <subfield code="g">y-gencatlg</subfield>
          </datafield>
          <datafield tag="925" ind1="0" ind2=" ">
            <subfield code="a">acquire</subfield>
            <subfield code="b">2 shelf copies</subfield>
            <subfield code="x">policy default</subfield>
          </datafield>
          <datafield tag="955" ind1=" " ind2=" ">
            <subfield code="a">nb03 2001-08-21 to ASCD</subfield>
            <subfield code="a">jk00 2001-10-05</subfield>
            <subfield code="c">jk15 2001-11-01 to subj.</subfield>
            <subfield code="d">yc14 2002-02-01</subfield>
            <subfield code="e">yc14 2002-03-18 to Dewey</subfield>
            <subfield code="a">aa05 2002-03-25</subfield>
          </datafield>
          <datafield tag="010" ind1=" " ind2=" ">
            <subfield code="a">  2001430194</subfield>
          </datafield>
          <datafield tag="035" ind1=" " ind2=" ">
            <subfield code="a">(OCoLC)ocm46893888</subfield>
          </datafield>
          <datafield tag="040" ind1=" " ind2=" ">
            <subfield code="a">NYP</subfield>
            <subfield code="c">NYP</subfield>
            <subfield code="d">DLC</subfield>
          </datafield>
          <datafield tag="042" ind1=" " ind2=" ">
            <subfield code="a">lccopycat</subfield>
          </datafield>
          <datafield tag="043" ind1=" " ind2=" ">
            <subfield code="a">u-at---</subfield>
          </datafield>
          <datafield tag="050" ind1="0" ind2="0">
            <subfield code="a">ND1337.A795</subfield>
            <subfield code="b">W65 2000</subfield>
          </datafield>
          <datafield tag="020" ind1=" " ind2=" ">
            <subfield code="a">0646398601</subfield>
          </datafield>
          <datafield tag="035" ind1=" " ind2=" ">
            <subfield code="z">MLC 200104</subfield>
          </datafield>
          <datafield tag="082" ind1="0" ind2="0">
            <subfield code="a">751.7/7/0994</subfield>
            <subfield code="2">21</subfield>
          </datafield>
          <datafield tag="100" ind1="1" ind2=" ">
            <subfield code="a">Wood, Margaret.</subfield>
          </datafield>
          <datafield tag="245" ind1="1" ind2="0">
            <subfield code="a">Miniature art of Australia :</subfield>
            <subfield code="b">past and present /</subfield>
            <subfield code="c">[historical writing and research by Margaret Wood].</subfield>
          </datafield>
          <datafield tag="260" ind1=" " ind2=" ">
            <subfield code="a">Hobart :</subfield>
            <subfield code="b">Australian Society of Miniature Art Tasmania,</subfield>
            <subfield code="c">c2000.</subfield>
          </datafield>
          <datafield tag="300" ind1=" " ind2=" ">
            <subfield code="a">159 p. :</subfield>
            <subfield code="b">col. ill. ;</subfield>
            <subfield code="c">31 cm.</subfield>
          </datafield>
          <datafield tag="500" ind1=" " ind2=" ">
            <subfield code="a">Includes index.</subfield>
          </datafield>
          <datafield tag="650" ind1=" " ind2="0">
            <subfield code="a">Miniature painting, Australian</subfield>
            <subfield code="y">19th century.</subfield>
          </datafield>
          <datafield tag="650" ind1=" " ind2="0">
            <subfield code="a">Miniature painting, Australian</subfield>
            <subfield code="y">20th century.</subfield>
          </datafield>
          <datafield tag="650" ind1=" " ind2="0">
            <subfield code="a">Miniature objects</subfield>
            <subfield code="z">Australia</subfield>
            <subfield code="x">Societies, etc.</subfield>
          </datafield>
          <datafield tag="700" ind1="1" ind2=" ">
            <subfield code="a">Wood, Margaret.</subfield>
          </datafield>
          <datafield tag="710" ind1="2" ind2=" ">
            <subfield code="a">Australian Society of Miniature Art Tasmania Inc.</subfield>
          </datafield>
          <datafield tag="923" ind1=" " ind2=" ">
            <subfield code="d">20010706</subfield>
            <subfield code="n">AS087685</subfield>
            <subfield code="s">Bennett</subfield>
          </datafield>
        </record>
      </zs:recordData>
      <zs:recordPosition>8</zs:recordPosition>
    </zs:record>