
    <zs:record>
      <zs:recordSchema/>
      <zs:recordPacking>xml</zs:recordPacking>
      <zs:recordData>
        <record xmlns="http://www.loc.gov/MARC21/slim">
          <leader>03468cam a22004098i 4500</leader>
          <controlfield tag="001">22012234</controlfield>
          <controlfield tag="005">20240119071423.0</controlfield>
          <controlfield tag="008">210427t20212021nyu      b    001 0 eng  </controlfield>
          <datafield tag="906" ind1=" " ind2=" ">
            <subfield code="a">7</subfield>
            <subfield code="b">cbc</subfield>
            <subfield code="c">orignew</subfield>
            <subfield code="d">1</subfield>
            <subfield code="e">ecip</subfield>
            <subfield code="f">20</subfield>
            <subfield code="g">y-gencatlg</subfield>
          </datafield>
          <datafield tag="925" ind1="0" ind2=" ">
            <subfield code="a">acquire</subfield>
            <subfield code="b">1 shelf copy</subfield>
            <subfield code="x">policy default</subfield>
          </datafield>
          <datafield tag="955" ind1=" " ind2=" ">
            <subfield code="b">re25 2021-04-27</subfield>
            <subfield code="i">re25 2021-04-27 (telework)</subfield>
            <subfield code="e">re12 2021-04-29 to Dewey [Telework]</subfield>
            <subfield code="w">xm08 2021-04-29 TW situational</subfield>
          </datafield>
          <datafield tag="010" ind1=" " ind2=" ">
            <subfield code="a">  2021014302</subfield>
          </datafield>
          <datafield tag="020" ind1=" " ind2=" ">
            <subfield code="a">9781350055285</subfield>
            <subfield code="q">(Hardback)</subfield>
          </datafield>
          <datafield tag="020" ind1=" " ind2=" ">
            <subfield code="z">9781350055292</subfield>
            <subfield code="q">PDF)</subfield>
          </datafield>
          <datafield tag="020" ind1=" " ind2=" ">
            <subfield code="z">9781350055308</subfield>
            <subfield code="q">(ePub)</subfield>
          </datafield>
          <datafield tag="040" ind1=" " ind2=" ">
            <subfield code="a">DLC</subfield>
            <subfield code="b">eng</subfield>
            <subfield code="c">DLC</subfield>
            <subfield code="e">rda</subfield>
          </datafield>
          <datafield tag="042" ind1=" " ind2=" ">
            <subfield code="a">pcc</subfield>
          </datafield>
          <datafield tag="050" ind1="0" ind2="0">
            <subfield code="a">LB1738</subfield>
            <subfield code="b">.W66 2021</subfield>
          </datafield>
          <datafield tag="082" ind1="0" ind2="0">
            <subfield code="a">378.1/25</subfield>
            <subfield code="2">23</subfield>
          </datafield>
          <datafield tag="100" ind1="1" ind2=" ">
            <subfield code="a">Wood, Margaret F.,</subfield>
            <subfield code="e">author.</subfield>
          </datafield>
          <datafield tag="245" ind1="1" ind2="0">
            <subfield code="a">Pursuing teaching excellence in higher education :</subfield>
            <subfield code="b">towards an inclusive perspective /</subfield>
            <subfield code="c">Margaret Wood and Feng Su.</subfield>
          </datafield>
          <datafield tag="250" ind1=" " ind2=" ">
            <subfield code="a">First Edition.</subfield>
          </datafield>
          <datafield tag="263" ind1=" " ind2=" ">
            <subfield code="a">2110</subfield>
          </datafield>
          <datafield tag="264" ind1=" " ind2="1">
            <subfield code="a">New York ;</subfield>
            <subfield code="a">London :</subfield>
            <subfield code="b">Bloomsbury Academic,</subfield>
            <subfield code="c">2021.</subfield>
          </datafield>
          <datafield tag="264" ind1=" " ind2="4">
            <subfield code="c">© 2021.</subfield>
          </datafield>
          <datafield tag="300" ind1=" " ind2=" ">
            <subfield code="a">pages cm</subfield>
          </datafield>
          <datafield tag="336" ind1=" " ind2=" ">
            <subfield code="a">text</subfield>
            <subfield code="b">txt</subfield>
            <subfield code="2">rdacontent</subfield>
          </datafield>
          <datafield tag="337" ind1=" " ind2=" ">
            <subfield code="a">unmediated</subfield>
            <subfield code="b">n</subfield>
            <subfield code="2">rdamedia</subfield>
          </datafield>
          <datafield tag="338" ind1=" " ind2=" ">
            <subfield code="a">volume</subfield>
            <subfield code="b">nc</subfield>
            <subfield code="2">rdacarrier</subfield>
          </datafield>
          <datafield tag="520" ind1=" " ind2=" ">
            <subfield code="a">"Teaching excellence is a topic of international significance, having importance for higher education worldwide, yet is generally considered to be poorly defined and understood. The current discourse of teaching excellence is narrowly framed, instrumental and performative, with an onus on measurement and quantification. Rallying against this narrowness, Wood and Su unpack the notion of excellence in higher education and argue for a rethinking, seeking to connect with ideas of the value of higher education in a democratic society and proposing an approach which promotes the inclusion of understandings from the perspectives of higher education stakeholders. They examine teaching excellence through different lenses by engaging a plurality of stakeholder perspectives, including higher education institutions, academics, students, employers and parents, and highlight the importance of engaging different stakeholders in discussions about teaching excellence in higher education. Whilst creating the conditions for public debate and stakeholder engagement is challenging, the authors argue that it is a vital task, and especially necessary at a time when performativity and measurement hold sway and detract from a focus on the processes of teaching and learning. The authors argue that through engaging with higher education constituencies to examine teaching excellence from different angles and stances that more inclusive understandings can be built"--</subfield>
            <subfield code="c">Provided by publisher.</subfield>
          </datafield>
          <datafield tag="504" ind1=" " ind2=" ">
            <subfield code="a">Includes bibliographical references and index.</subfield>
          </datafield>
          <datafield tag="505" ind1="0" ind2=" ">
            <subfield code="a">Discourses of teaching excellence in higher education -- Institutions' perspectives on teaching excellence -- Academics' perspectives on teaching excellence -- Students' perspectives on teaching excellence -- Employers' perspectives on teaching excellence -- Parents' perspectives on teaching excellence -- Towards an inclusive perspective on teaching excellence -- Coda: Teaching excellence in challenging times.</subfield>
          </datafield>
          <datafield tag="650" ind1=" " ind2="0">
            <subfield code="a">College teachers</subfield>
            <subfield code="x">Training of.</subfield>
          </datafield>
          <datafield tag="650" ind1=" " ind2="0">
            <subfield code="a">College teachers</subfield>
            <subfield code="x">In-service training of.</subfield>
          </datafield>
          <datafield tag="650" ind1=" " ind2="0">
            <subfield code="a">Universities and colleges</subfield>
            <subfield code="x">Faculty.</subfield>
          </datafield>
          <datafield tag="700" ind1="1" ind2=" ">
            <subfield code="a">Su, Feng,</subfield>
            <subfield code="d">1978-</subfield>
            <subfield code="e">author.</subfield>
          </datafield>
          <datafield tag="776" ind1="0" ind2="8">
            <subfield code="i">Online version:</subfield>
            <subfield code="a">Wood, Margaret F.</subfield>
            <subfield code="t">Pursuing teaching excellence in higher education</subfield>
            <subfield code="d">London ; New York : Bloomsbury Academic, 2022</subfield>
            <subfield code="z">9781350055292</subfield>
            <subfield code="w">(DLC) 2021014303</subfield>
          </datafield>
        </record>
      </zs:recordData>
      <zs:recordPosition>35</zs:recordPosition>
    </zs:record>