
    <zs:record>
      <zs:recordSchema/>
      <zs:recordPacking>xml</zs:recordPacking>
      <zs:recordData>
        <record xmlns="http://www.loc.gov/MARC21/slim">
          <leader>01220ccm a2200337 a 4500</leader>
          <controlfield tag="001">5680728</controlfield>
          <controlfield tag="005">20160630142524.0</controlfield>
          <controlfield tag="008">930604m19891992mausgg   d     n    eng  </controlfield>
          <datafield tag="035" ind1=" " ind2=" ">
            <subfield code="9">(DLC)   93713940</subfield>
          </datafield>
          <datafield tag="906" ind1=" " ind2=" ">
            <subfield code="a">7</subfield>
            <subfield code="b">cbc</subfield>
            <subfield code="c">orignew</subfield>
            <subfield code="d">4</subfield>
            <subfield code="e">ncip</subfield>
            <subfield code="f">19</subfield>
            <subfield code="g">y-genmusic</subfield>
          </datafield>
          <datafield tag="010" ind1=" " ind2=" ">
            <subfield code="a">   93713940 </subfield>
          </datafield>
          <datafield tag="028" ind1="3" ind2="0">
            <subfield code="a">185</subfield>
            <subfield code="b">M.F. Wood</subfield>
          </datafield>
          <datafield tag="028" ind1="3" ind2="0">
            <subfield code="a">198</subfield>
            <subfield code="b">M.F. Wood</subfield>
          </datafield>
          <datafield tag="028" ind1="3" ind2="0">
            <subfield code="a">212</subfield>
            <subfield code="b">M.F. Wood</subfield>
          </datafield>
          <datafield tag="028" ind1="3" ind2="0">
            <subfield code="a">223</subfield>
            <subfield code="b">M.F. Wood</subfield>
          </datafield>
          <datafield tag="040" ind1=" " ind2=" ">
            <subfield code="a">DLC</subfield>
            <subfield code="c">DLC</subfield>
          </datafield>
          <datafield tag="050" ind1="0" ind2="0">
            <subfield code="a">M1621</subfield>
            <subfield code="b">.W</subfield>
          </datafield>
          <datafield tag="100" ind1="1" ind2=" ">
            <subfield code="a">Wood, Margaret F.</subfield>
          </datafield>
          <datafield tag="245" ind1="1" ind2="0">
            <subfield code="a">Shared four snow :</subfield>
            <subfield code="b">opus 35 /</subfield>
            <subfield code="c">poems by Lucy Larcom ; music by Margaret F. Wood.</subfield>
          </datafield>
          <datafield tag="260" ind1=" " ind2=" ">
            <subfield code="a">Ipswich, MA (76 Clark Road, Ipswich, 01938) :</subfield>
            <subfield code="b">M.F. Wood,</subfield>
            <subfield code="c">c1989-c1992.</subfield>
          </datafield>
          <datafield tag="300" ind1=" " ind2=" ">
            <subfield code="a">1 close score (various pagings) ;</subfield>
            <subfield code="c">28 cm.</subfield>
          </datafield>
          <datafield tag="500" ind1=" " ind2=" ">
            <subfield code="a">Songs for medium voice and piano.</subfield>
          </datafield>
          <datafield tag="500" ind1=" " ind2=" ">
            <subfield code="a">Cover title.</subfield>
          </datafield>
          <datafield tag="500" ind1=" " ind2=" ">
            <subfield code="a">Words also printed as text at end of each song.</subfield>
          </datafield>
          <datafield tag="505" ind1="0" ind2=" ">
            <subfield code="a">Snow-bloom -- A white world -- Snow-song -- Snow-fancies.</subfield>
          </datafield>
          <datafield tag="500" ind1=" " ind2=" ">
            <subfield code="a">Publisher's no.: 185 (1st work); 198 (2nd); 212 (3rd); 223 (4th).</subfield>
          </datafield>
          <datafield tag="650" ind1=" " ind2="0">
            <subfield code="a">Songs (Medium voice) with piano.</subfield>
          </datafield>
          <datafield tag="600" ind1="1" ind2="0">
            <subfield code="a">Larcom, Lucy,</subfield>
            <subfield code="d">1824-1893</subfield>
            <subfield code="x">Musical settings.</subfield>
          </datafield>
          <datafield tag="700" ind1="1" ind2=" ">
            <subfield code="a">Larcom, Lucy,</subfield>
            <subfield code="d">1824-1893.</subfield>
          </datafield>
          <datafield tag="953" ind1=" " ind2=" ">
            <subfield code="a">TA28</subfield>
          </datafield>
          <datafield tag="991" ind1=" " ind2=" ">
            <subfield code="b">c-Music</subfield>
            <subfield code="h">M1621</subfield>
            <subfield code="i">.W</subfield>
            <subfield code="t">Copy 1</subfield>
            <subfield code="w">MUSIC</subfield>
          </datafield>
        </record>
      </zs:recordData>
      <zs:recordPosition>38</zs:recordPosition>
    </zs:record>